%% ref.bib - reference sheet for the report

@ARTICLE{lloyd,
	author={S. Lloyd},
	journal={IEEE Transactions on Information Theory},
	title={Least squares quantization in PCM},
	year={1982},
	volume={28},
	number={2},
	pages={129-137},
	keywords={Least-squares approximation;PCM communication;Quantization (signal);Signal quantization},
	doi={10.1109/TIT.1982.1056489},
	ISSN={0018-9448},
	month={March},
}
